@INPROCEEDINGS{5367579,
author={J. {Li} and B. {Zhao} and L. {Tang} and X. {Zhao}},
booktitle={2009 IET International Radar Conference},
title={The research and implementation of digital signal processing algorithms on pulse LIDAR},
year={2009},
volume={},
number={},
pages={1-4},
keywords={digital filters;digital signal processing chips;optical radar;radar signal processing;digital signal processing;DSP chip;pulse ranging LIDAR;echo signal;target detect ability;digital filtering;laser ranging radar;Pulse LIDAR;Digital Signal Processing;SNR},
doi={10.1049/cp.2009.0187},
ISSN={},
month={April},}

@INPROCEEDINGS{8529992,
author={J. {Liu} and Q. {Sun} and Z. {Fan} and Y. {Jia}},
booktitle={2018 IEEE 3rd Optoelectronics Global Conference (OGC)},
title={TOF Lidar Development in Autonomous Vehicle},
year={2018},
volume={},
number={},
pages={185-190},
keywords={autonomous aerial vehicles;optical radar;MEMS technology;ZOL technology;3D-flash lidar;multiline scanning lidar;single-line scanning lidar;autonomous vehicle;TOF lidar development;lidar development direction;nonscanning lidar;Laser radar;Companies;Autonomous vehicles;Distance measurement;Three-dimensional displays;Measurement by laser beam;autonomous vehicle;TOF lidar;scanning lidar;non-scanning lidar;single-line scanning lidar;multi-line scaninng lidar;3D flash lidar;MEMS technology;ZOL technology},
doi={10.1109/OGC.2018.8529992},
ISSN={},
month={Sep.},}

@INPROCEEDINGS{8696946,
author={C. {Pulikkaseril} and S. {Lam}},
booktitle={2019 Optical Fiber Communications Conference and Exhibition (OFC)},
title={Laser Eyes for Driverless Cars: The Road to Automotive LIDAR},
year={2019},
volume={},
number={},
pages={1-4},
keywords={optical radar;road vehicle radar;automotive LIDAR;fully autonomous vehicles;laser eyes;driverless cars;beamsteering methods;Laser radar;Automotive engineering;Mirrors;Optical sensors;Three-dimensional displays;Autonomous vehicles},
doi={},
ISSN={},
month={March},}

@article{MicroScanningMirror,
author = {Ye, Liangchen and Zhang, Gaofei and You, Zheng},
year = {2017},
month = {04},
pages = {},
title = {Large-Aperture kHz Operating Frequency Ti-alloy Based Optical Micro Scanning Mirror for LiDAR Application},
volume = {8},
journal = {Micromachines},
doi = {10.3390/mi8040120}
}

@article{Mems,
author={Yoo, {H.W} and Druml, N and Brunner, D},
year={2018},
booktitle={Elektrotechnik und Informationstechnik},
title={MEMS-based lidar for autonomous driving},
volume={132},
number={},
pages={408-415},
doi={https://doi.org/10.1007/s00502-018-0635-2},
ISSN={1613-7620},
month={July},}

@misc{hecht_2018,
title={Lidar for Self-Driving Cars},
url={https://www.osa-opn.org/home/articles/volume_29/january_2018/features/lidar_for_self-driving_cars/},
journal={Optics & Photonics News (OPN)},
author={Hecht, Jeff},
year={2018},
month={Jan}}

